@INPROCEEDINGS{Chamberlain2006,
author={Chamberlain, Stephanie and Sharp, Helen and Maiden, Neil},
title={Towards a Framework for Integrating Agile Development and User-Centred Design},
booktitle={Extreme Programming and Agile Processes in Software Engineering: 7th International Conference, XP 2006, June 17-22, 2006. Proceedings},
year={2006},
address={Oulu, Finland},
pages={143--153},
}

@INPROCEEDINGS{Caballero2014,
author={Caballero, Leydi and Moreno, Ana M. and Seffah, Ahmed},
title={Persona as a Tool to Involving Human in Agile Methods: Contributions from HCI and Marketing},
booktitle={Human-Centered Software Engineering: 5th IFIP WG 13.2 International Conference, HCSE 2014, September 16-18, 2014. Proceedings},
year={2014},
address={Paderborn, Germany},
pages={283--290},
}

@INPROCEEDINGS{4599536,
author={D. Broschinsky and L. Baker},
booktitle={Agile, 2008. AGILE '08. Conference},
title={Using Persona with XP at LANDesk Software, an Avocent Company},
year={2008},
pages={543-548},
address={Toronto, Canada},
}

@INPROCEEDINGS{Choma2015,
author={Choma, Joelma and Zaina, Luciana A. M. and Beraldo, Daniela},
title={Communication of Design Decisions and Usability Issues: A Protocol Based on Personas and Nielsen's Heuristics},
booktitle={Human-Computer Interaction: Design and Evaluation: 17th International Conference, HCI International 2015, August 2-7, 2015, Proceedings, Part I},
year={2015},
address={Los Angeles, CA},
pages={163--174},
}

@INPROCEEDINGS{Haikara2007,
author={Haikara, Jukka},
chapter={Usability in Agile Software Development: Extending the Interaction Design Process with Personas Approach},
booktitle={Agile Processes in Software Engineering and Extreme Programming: 8th International Conference, XP 2007, June 18-22, 2007. Proceedings},
year={2007},
address={Como, Italy},
pages={153--156},
}

@INPROCEEDINGS{4599538,
author={M. Singh},
booktitle={Agile, 2008. AGILE '08. Conference},
title={U-SCRUM: An Agile Methodology for Promoting Usability},
year={2008},
pages={555-560},
address={Toronto, Canada},
}

@INPROCEEDINGS{6910399,
author={G. Jurca and T. D. Hellmann and F. Maurer},
booktitle={Agile Conference (AGILE), 2014},
title={Integrating Agile and User-Centered Design: A Systematic Mapping and Review of Evaluation and Validation Studies of Agile-UX},
year={2014},
pages={24-32},
doi={10.1109/AGILE.2014.17},
month={July},
}